%% This BibTeX bibliography file was created using BibDesk.
%% http://bibdesk.sourceforge.net/
%% Saved with string encoding Unicode (UTF-8)
%------------------------------ Figures -----------------------------
@misc{fig1-ean-upc,
  title={Ean e Upc},
  author={George Laurer},
  year={2012},
  url={https://www.nationwidebarcode.com/are-upc-a-and-ean-13-the-same/},
  urldate = {2015-08-17}
}

@misc{imgs-codigo-barras,
    title={Como funciona o código de barras?},
    author={João Pinheiro},
    year={2014},
    url={http://www.curiosocia.com/2014/09/como-funciona-o-codigo-de-barras.html},
    urldate = {2015-08-18},
}

@misc{imgs_qrcode_extructure,
    author={DataGenetics},
    title={Wounded QR codes},
    urldate={2015-08-18},
    year={2013},
    url={http://www.datagenetics.com/blog/november12013/index.html}
}


%------------------------------ Computação - História -------------------------
@book{eniac,
  title={ENIAC: The triumphs and tragedies of the world's first computer},
  author={McCartney, Scott},
  year={1999},
  publisher={Walker \& Company}
}

%---------------------Exemplos RA----------------------------

@article{vasconcelos2011,
  title={Desenvolvimento de uma Plataforma M{\'o}vel para Inspe{\c{c}}{\~a}o Termal de Equipamentos Baseada em Realidade Aumentada},
  author={Vasconcelos, L and Breyer, Felipe and Teixeira, JM and Kelner, Judith and Teichrieb, Veronica},
  journal={ERGODESIGN USIHC},
  volume={11},
  year={2011},
}

@article{defariaItaipu,
  title={APLICA{\c{C}}{\~A}O DE T{\'E}CNICA DE REALIDADE AUMENTADA PARA VALIDA{\c{C}}{\~A}O DE MEDIDAS EM INSTRUMENTA{\c{C}}{\~A}O DE AUSCULTA{\c{C}}{\~A}O E AN{\'A}LISE IN SITU DA INSPE{\c{C}}{\~o}es VISUAis Da BARRAGEm de itaipu},
  author={de FARIA, {\'E}tore Funchal and S{\^e}nior, Engenheiro Civil and Binacional, Itaipu and Casco, Mercedes Isabel PRIETO and Benza, Ana Laura ESPINOLA and PAV{\'O}N, Ruth},
  year={2011},
}

@misc{hololens,
  author = {Microsoft},
  title = {Microsoft Hololens},
  year = {2015},
  url = {http://www.microsoft.com/microsoft-hololens/en-us},
  urldate = {2015-04-10},
}

@misc{hololensNews,
  author = {Emerson Alecrim},
  title = {HoloLens é o novo projeto de realidade aumentada da Microsoft},
  year = {2015},
  url = https://tecnoblog.net/173041/microsoft-hololens},
  urldate = {2015-04-13},
}

@misc{kinect,
  author = {Microsoft},
  title = {Kinect XBOX},
  year = {2015},
  url = {http://www.xbox.com/pt-BR/Kinect/Home-new},
  urldate = {2015-06-15},
}

@misc{gglass,
  author = {Google},
  title = {Google Glass},
  year = {2015},
  url = {https://www.google.com/glass/start/},
  urldate = {2015-04-10},
}

%--------------História Itaipu-------------------------------

@misc{historiaItaipu,
  author = {Itaipu},
  title = {Itaipu - Nossa História},
  year = {2015},
  url = {https://www.itaipu.gov.br/nossa-historia},
  urldate = {2015-04-16},
}


%-------------Realidade Virtual e Aumentada----------------------------
@article{tullio2013,
  title={UMA T{\'E}CNICA DE REALIDADE AUMENTADA SEM MARCADORES BASEADA EM ARESTAS COM FILTRO DE PART{\'I}CULAS},
  author={Tullio José de Souza Lucena},
  year={2013},
}

@inproceedings{kirner2006,
  title={Fundamentos e Tecnologias de Realidade Virtual e Aumentada},
  author={Kirner, Claudio and Tori, Romero and Siscoutto, Robson},
  booktitle={Livro do Pr{\'e}-Simp{\'o}sio VIII Symposium on Virtual and Augmented Reality},
  year={2006},
}

@inproceedings{kirner2007,
  title={Realidade virtual e aumentada: conceitos, projeto e aplica{\c{c}}{\~o}es},
  author={Kirner, Claudio and Siscoutto, Robson},
  booktitle={Livro do IX Symposium on Virtual and Augmented Reality, Petr{\'o}polis (RJ), Porto Alegre: SBC},
  year={2007}
}

@inproceedings{qrcode_teste,
  title={Applying QR code in augmented reality applications},
  author={Kan, Tai-Wei and Teng, Chin-Hung and Chou, Wen-Shou},
  booktitle={Proceedings of the 8th International Conference on Virtual Reality Continuum and its Applications in Industry},
  pages={253--257},
  year={2009},
  organization={ACM}
}

%--------------------Reconhecimento de Imagens---------------

@misc{cascadeClassification,
  author = {OpenCV},
  title = {Cascade Classification},
  year = {2015},
  url = {http://docs.opencv.org/modules/objdetect/doc/cascade_classification.html},
  urldate = {2015-04-17},
}

%--------------------------Cascade Classification----------------------
@misc{cascade_classification,
  author = {Paul Viola and Rainer Lienhart},
  title = {Cascade Classification},
  year = {2015},
  url = {http://docs.opencv.org/modules/objdetect/doc/cascade_classification.html},
  urldate = {2015-06-08},
}


%--------------------Georreferenciamento---------------------
@article{gps,
  title={Sistemas de Posicionamento Global},
  author={Coelho, Rosa Marques Santos and Ribeiro, Paulo Flores},
  year={2006},
}

@article{georreferenciamento,
  title={REVIS{\~A}O BIBLIOGR{\'A}FICA},
  author={ROQUE, CASSIANO GARCIA and DE OLIVEIRA, IVAN CLEITON and PEREIRA, PRISCILA and FIGUEIREDO, EVERTON VALDOMIRO PEDROSO BRUM1 E and CAMARGO, MAIRO FABIO},
  year={2006},
}

%%----------------------------------QRCode-------------------------------------------------------------------------------------
@article{junior2012,
  title={Estudo da Integra{\c{c}}{\~a}o da Tecnologia QR-Code com Banco de Dados do Framework RastroGr{\~a}o},
  author={Junior, Heder Luiz Martins and Verner, Lucas Vieira and Vaz, Monica Cristine Scherer and Vaz, Maria Salete Marcon Gomes},
  url={http://www.aeapg.org.br/8eetcg/anais/60097_vf2.pdf},
  urldate={2015-06-2015},
  year={2012}
}

@article{souza2012,
  title={O uso do QR CODE na gest{\~a}o da comunica{\c{c}}{\~a}o: o caso da rede social WineTag},
  author={de Souza Corr{\^e}a, Maria Ira{\^e} and de Souza, Angela Cristina Rocha and Mar{\c{c}}al, Maria Christianni Coutinho},
  journal={Informe: Estudos em Biblioteconomia e Gest{\~a}o da Informa{\c{c}}{\~a}o},
  volume={1},
  number={1},
  pages={118--132},
  year={2012}
}
%%----------------------------------BarCode-----------------------------------------------------------------------------------
@article{barcode,
  title={A evolução do c{\'{o}}digo de barras e o surgimento da realidade aumentada e sua utiliza{\c{c}}{\~a}o na administra{\c{c}}{\~a}o moderna},
  author={Alessandro Soares Machado and Bruno Martins dos Santos Cruz and Sthefany Garcia Ribeiro},
  url={http://www.ebah.com.br/content/ABAAABjgsAJ/a-evolucao-codigo-barras-surgimento-realidade-aumentada-sua-utilizacao-na-administracao-moderna},
  urldate={2015-06-2015},
  year={2010}
}

@article{decoding_barcode,
  author = {Luís Gustavo Pires Rodrigues and Leonardo Albuquerque Heidemann and Eloir De Carli and Lucas Gabriel Mota da Silveira},
  title = {Decodificando o código de barras},
  year = {2011},
  url = {http://hdl.handle.net/10183/116459},
  urldate = {2015-07-13},
}

@monograph{elaine2011,
  author = {Elaine Silva Ramos},
  title = {Implanta{\c{c}}{\~a}o de automa{\c{c}}{\~a}o de estoques em pequenos neg\'ocios como vantagem competitiva},
  year = {2011},
  url = {http://www.avm.edu.br/docpdf/monografias_publicadas/K218228.pdf},
  urldate = {2015-07-13}
}

@article{historiaBarcode,
	Author = {Alessandro Greco},
	Date-Added = {2005-03-01 00:00:00 +0000},
	Journal = {Aventuras na História},
	Title = {Código de barras - Lembra que os supermercados usavam},
	Year = {2005},
	url = {http://guiadoestudante.abril.com.br/aventuras-historia/codigo-barras-434117.shtml},
	urldate = {2015-07-13}
}

@article{eduardo2008,
	Author = {Eduardo Marques Dias},
	Title = {Código de barras},
	Year = {2008},
	url = {http://www.ucb.br/sites/100/103/TCC/22008/EduardoMarquesDias.pdf},
	urldate = {2015-07-17}
}


@misc{tecit2015,
  author = {TEC-IT},
  title = {TEC-IT Barcode Software - Barcode Overview},
  year = {2015},
  url = {http://www.tec-it.com/download/PDF/Barcode_Reference_EN.pdf},
  urldate = {2015-07-01},
}


%%----------------------------------RFID---------------------------------------------------------------------------------------
@book{rfid,
  title={RFID essentials},
  author={Glover, Bill and Bhatt, Himanshu},
  year={2006},
  publisher={" O'Reilly Media, Inc."}
}

%%--------------------------Outros---------------------------

@article{Weka2014,
	Author = {Mark Hall and Eibe Frank and Geoffrey Holmes and Bernhard Pfahringer and Petter Reutemann and Ian H. Witten},
	Date-Added = {2014-10-27 11:59:12 +0000},
	Date-Modified = {2014-10-27 12:03:10 +0000},
	Journal = {SIFKDD Explorations},
	Title = {The WEKA Data Mining Software: An Update},
	Volume = {11},
	Year = {2009}
}

@book{Tucci1993,
	Author = {Carlos E. M. Tucci},
	Date-Added = {2014-10-27 11:53:11 +0000},
	Date-Modified = {2014-10-27 11:55:26 +0000},
	Number = {ISBN:85-7025-298-6},
	Publisher = {Universidade de S{\~a}o Paulo},
	Title = {Hidrologia: Ci{\^e}ncia e Aplica{\c c}{\~a}o},
	Year = {1993}
}

@misc{Scipy2013,
	Author = {Eric Jones and Travis Oliphant and Pearu Peterson and others},
	Date-Added = {2014-10-27 11:46:45 +0000},
	Date-Modified = {2014-10-27 12:23:59 +0000},
	Lastchecked = {27/10/2014},
	Title = {SciPy: Open source scientific tools for Python},
	Url = {http://www.scipy.org},
	Year = {2001}
}

@electronic{Silva2014,
	Author = {Jos{\'e} Demisio Sim{\~o}es da Silva},
	Date-Added = {2014-06-07 06:31:10 +0000},
	Date-Modified = {2014-06-07 06:46:09 +0000},
	Read = {1},
	Title = {Fun{\c c}{\~o}es de Base Radial - RBF},
	Url = {http://www.lac.inpe.br/~demisio/cap351/m6-2slidep.pdf},
	Year = {2014}
}

@unpublished{Roque2012,
	Author = {Antonio Roque},
	Date-Added = {2014-06-07 02:48:48 +0000},
	Date-Modified = {2014-06-07 06:46:26 +0000},
	Read = {1},
	Title = {Do neur{\^o}nio biol{\'o}gico ao neur{\^o}nio das redes neurais artificiais},
	Year = {2012}
}

@manual{Henriques2011,
	Author = {Carla Henriques},
	Date-Added = {2014-06-05 23:41:53 +0000},
	Date-Modified = {2014-06-05 23:43:51 +0000},
	Organization = {Departamento de Matem{\'a}tica Escola Superior de Tecnologia de Viseu},
	Title = {An{\'a}lise de Regress{\~a}o Linear Simples e M{\'u}ltipla},
	Year = {2011}
	}

@jurthesis{Soares2010,
	Address = {Lavras - MG},
	Author = {Joyce D{\'o}ria Rodrigues Soares},
	Date-Added = {2014-06-05 23:26:58 +0000},
	Date-Modified = {2014-06-05 23:28:10 +0000},
	School = {Universidade Federal de Lavras},
	Title = {Modelagem Matem{\'a}tica na Previs{\~a}o de Colheita de Bananeira: Regress{\~a}o Linear M{\'u}ltipla x Redes Neurais Artificiais},
	Year = {2010}
}

@webpage{EstatCamp2014,
	Date-Added = {2014-06-05 19:24:07 +0000},
	Date-Modified = {2014-06-05 19:26:01 +0000},
	Lastchecked = {05 de junho de 2014},
	Organization = {EstatCamp},
	Title = {An{\'a}lise de Regress{\~a}o},
	Url = {URL ADDRESS},
	Year = {2014}
}

@mastersthesis{Goncalves2003,
	Address = {Fortaleza - Cear{\'a}},
	Author = {Carlos Hairon Ribeiro Gon{\c c}alves},
	Date-Added = {2014-06-05 14:35:41 +0000},
	Date-Modified = {2014-06-07 06:46:39 +0000},
	Read = {1},
	School = {Universidade Federal do Cear{\'a}},
	Title = {Utilizando Redes Neurais Artificiais para Predi{\c c}{\~a}o de Falhas em Links de Redes {\'O}pticas},
	Year = {2003}
}


@inbook{Nievola,
	Author = {J{\'u}lio Cesar Nievola},
	Chapter = {1},
	Date-Added = {2014-06-05 14:24:45 +0000},
	Date-Modified = {2014-06-05 14:27:23 +0000},
	Title = {Redes Neurais Artificiais}
}

@techreport{Dosualdo2003,
	Address = {S{\~a}o Carlos - SP},
	Author = {Daniel Gomes Dosualdo and Solange Oliveira Rezende},
	Date-Added = {2014-06-05 13:12:42 +0000},
	Date-Modified = {2014-06-05 13:14:27 +0000},
	Institution = {Universidade de S{\~a}o Paulo},
	Keywords = {Regressao},
	Month = {Maio},
	Number = {197},
	Title = {An{\'a}lise de Precis{\~a}o de M{\'e}todos de Regress{\~a}o},
	Year = {2003}
}

@phdthesis{Gomes2007,
	Address = {Belo Horizonte - MG},
	Author = {Rog{\'e}rio Martins Gomes},
	Date-Added = {2014-06-05 12:32:01 +0000},
	Date-Modified = {2014-06-05 12:34:58 +0000},
	Month = {Maio},
	School = {Universidade Federal de Minas Gerais},
	Title = {Estudo de uma classe de mem{\'o}rias associativas hier{\'a}rquicas baseadas em acoplamento de redes neurais artificiais},
	Type = {Tese},
	Year = {2007}
}


@inproceedings{Mannila1996,
	Address = {Washington, DC, USA},
	Author = {Mannila and Heikki},
	Booktitle = {Proceedings of the Eighth International Conference on Scientific and Statistical Database Management},
	Date-Added = {2014-06-04 12:22:55 +0000},
	Date-Modified = {2014-06-04 12:27:39 +0000},
	Number = {8},
	Pages = {2--9},
	Publisher = {IEEE Computer Society},
	Read = {1},
	Series = {SSDBM '96},
	Title = {Data Mining: Machine Learning, Statistics, and Databases},
	Year = {1996}
}

@periodical{Villela1984,
	Author = {Anna Maria Villela},
	Date-Added = {2014-04-03 13:21:01 +0000},
	Date-Modified = {2014-06-04 11:44:38 +0000},
	Journal = {R. Inf. Legisl. Bras{\'\i}lia},
	Keywords = {Tratado; Bacia do Prata},
	Month = {Janeiro/Mar{\c c}o},
	Number = {81},
	Pages = {147 {\`a} 176},
	Read = {1},
	Title = {O Tratado da Bacia do Prata},
	Volume = {21},
	Year = {1984}
}


