%============================
% REFERÊNCIAS BIBLIOGRÁFICAS
%============================
%
%************************
% ARTIGOS
%************************
%
/* @article{Jafelice, */
/*   author  =  {Jafelice, R. M. and  Barros, L. C. and  Bassanezi, R. C.}, */
/*   title   = {Study of the dynamics of {HIV} under treatment considering fuzzy delay}, */
/*   journal = {Comp. Appl. Math.}, */
/*   volume  ={33}, */
/*   pages   = {45-61}, */
/*   year    = {2014}, */
/* } */

/* @article{Diniz2, */
/*   author  = {Diniz, G.L. and Meyer, J.F.C.A. and Barros, L.C.}, */
/*   title   = {Solu\c{c}\~{a}o num\'{e}rica para um problema de {C}auchy {F}uzzy que modela o decaimento radioativo}, */
/*   journal = {TEMA}, */
/*   volume  = {23}, */
/*   pages   = {63-72}, */
/*   year    = {2001}, */
/*   note = {DOI: 10.1007/s40314-014-0163-6} */
/* } */

/* @article{Cuminato, */
/*  author  = {Cuminato, J. A. and Ruas, V.}, */
/*  title   = {Unification of distance inequalities for linear variational problems}, */
/*  journal = {Comp. Appl. Math}, */
/*  volume = {}, */
/*  pages = {}, */
/*  year    = {2014}, */
/*  note = {DOI: 10.1007/s40314-014-0163-6} */
/* } */

%
﻿%******************
% CAPÍTULOS DE LIVROS (com título próprio)
%******************
%

/* @incollection{daSilva, */
/*  author = {da Silva, P. L. and Freire, I. L.}, */
/*  title =  {On the group analysis of a modified Novikov equation}, */
/*  booktitle  = {Interdisciplinary Topics Applied Mathematics, Modeling and Computational Science}, */
/*  publisher = {Springer Proceedings in Mathematics and Statistics}, */
/*  chapter = {23}, */
/*  pages = {161--166}, */
/*  volume = {117}, */
/*  year= {2015} */
/*  } */

@incollection{liu_nayak_stojmenovic,
	author={Liu, Hai and Nayak, Amiya and Stojmenovic, Ivan},
	title={Applications, Models, Problems, and Solution Strategies},
	booktitle={Wireless Sensor and Actuator Networks},
	publisher={John Wiley & Sons, Inc.},
	address={Hoboken, New Jersey},
	chapter={1},
	pages={4-7},
	year={2010}
},

 %***********************
 % LIVROS E COLEÇÕES
 %************************


 /* @incollection{Gomes, */
 /* author = {Gomes, L. T. and de Barros, L.C. and Bede, B.}, */
 /* title = {Fuzzy Differential Equation in Various Approaches}, */
 /* booktitle = {SpringerBriefs in Mathematics}, */
 /* publisher= {SBMAC - Springer}, */
 /* volume = {}, */
 /* year = {2015}, */
 /* note = {ISSN: 2191-8198} */
 /* } */

 /* @book{Boldrini, */
 /* author = {Boldrini, J. L. and Costa, S. I. R. and Ribeiro, V. L. and Wetzler, H. G.}, */
 /* title= {\'{A}lgebra Linear e Aplica\c{c}\~{o}es}, */
 /* publisher = {Harper-Row}, */
 /* volume = {}, */
 /* edition = {}, */
 /* address = {S\~{a}o Paulo}, */
 /* year = {1987} */
 /* } */


%
%***************************
% PROCEEDINGS EM CONGRESSOS, RELATÓRIOS
%***************************
%

/* @conference{Barbosa, */
/*   author    ={Barbosa, A. C. and Catabriga, L. and Valli, A. M. P. and Malta, S. M. C. and Lima, L. M.}, */
/*   title     = {Experiments using a finite element formulation of incompressible miscible displacements */
/*   in porous media}, */
/*   booktitle = {Anais do Congresso Nacional de Matem\'{a}tica Aplicada e Computacional (XXXII CNMAC)}, */
/*   address   ={Cuiab\'{a}, Mato Grosso, Brasil}, */
/*   year      ={2009}, */
/*   volume    ={}, */
/*   pages     ={} */
/* } */

/* @inproceedings{Santos, */
/*  author = {Santos, I. L. D. and Silva, G. N.}, */
/*  title = {Uma classe de problemas de controle \'{o}timo em escalas temporais}, */
/*  booktitle = {Proceeding Series of the Brazilian Society of Computational and Applied Mathematics}, */
/*  address = {}, */
/*  year = {2013}, */
/*  volume = {1}, */
/*  pages = {}, */
/*  note = {DOI:10.5540/03.2013.001.01.0177} */
/* } */

%***************
% DISSERTAÇÕES E TESES
%***************
%
/* @mastersthesis{Diniz1, */
/*   author = {Diniz, G. L.}, */
/*   title =  {A mudan\c{c}a no habitat de popula\c{c}\~{o}es de peixes: de rio e represa - o modelo matem\'{a}tico}, */
/*   year = {1994}, */
/*   school = {Unicamp}, */
/*   type = {{D}isserta\c{c}\~{a}o de {M}estrado} */
/* } */

/* @phdthesis{Malta, */
/*  author = {Malta, S. C. M.}, */
/*  title ={An\'{a}lise Num\'{e}rica de Elementos Finitos}, */
/*  year = {1995}, */
/*  school = {LNCC}, */
/*  type ={{T}ese de {D}outorado} */
/* } */

