@book{1_williams_2014,
    author={Williams, Elliot},
    title={Make},
    place={Sebastopol, Calif.},
    publisher={Maker Media},
    year={2014}
},

@book{2_riley_2012,
    author={Riley, Mike},
    title={Programming your home},
    place={Dallas, Tex.},
    publisher={Pragmatic Bookshelf},
    year={2012}
},

@misc{3_wikipedia,
    author={Wikipedia,},
    title={Home automation},
    url={https://en.wikipedia.org/wiki/Home_automation}
},

@misc{4_macmillan_2011,
    author={MacMillan, Neil},
    title={nRF24L01 Report | Neil's Log Book},
    url={http://nrqm.ca/nrf24l01/},
    journal={Nrqm.ca},
    year={2011}
},

@book{5_gadre_2001,
    author={Gadre, Dhananjay V},
    title={Programming and customizing the AVR microcontroller},
    place={New York},
    publisher={McGraw-Hill},
    year={2001}
},

@book{6_trevennor_2012,
    author={Trevennor, Alan},
    title={Practical AVR microcontrollers},
    place={Berkeley, CA},
    publisher={Apress},
    year={2012}
}
