@article{monard2003,
	Author = {Maria Carolina Monard},
	Journal = {Applied Artificial Inteligence},
	Number = {17},
	Pages = {519-533},
	Title = {An analysis of four missing data treatment methods for supervised learning},
	Year = {2003}}


@book{ib2008,
	Address = {Foz do Igua{\c c}u},
	Author = {Itaipu Binacional and Ademar Sergio Fiorini},
	Editor = {Fotolaser Gr{\'a}fica e Editora Ltda},
	Title = {Usina hidrel{\'e}trica de Itaipu: aspectos t{\'e}cnicos das estruturas civis},
	Year = {2008}}
	
	