@book{riley2012,
	author={Riley, Mike},
	title={Programming your home},
	address={Dallas, Tex.},
	publisher={Pragmatic Bookshelf},
	year={2012}
},

@incollection{harper2003,
	author={Harper, Richard},
	title={Inside the Smart Home: Ideas, Possibilities and Methods},
	booktitle={Inside the Smart Home},
	publisher={Springer},
	address={London},
	editor={Harper, Richard},
	year={2003}
},

@incollection{aldrich2003,
	author={Aldrich, Francis K.},
	title={Smart Homes: Past, Present and Future},
	booktitle={Inside the Smart Home},
	publisher={Springer},
	address={London},
	editor={Harper, Richard},
	year={2003}
},

@book{kyas2013,
	author={Kyas, Othmar},
	title={How To Smart Home},
	address={Wyk, Germany},
	publisher={Key Concept Prees e.K.},
	year={2013}
},

@book{hagen2002,
	author={Hagen, Silvia},
	title={IPV6 essentials},
	address={Beijing},
	publisher={O'Reilly},
	year={2002}
},

@book{karl_willig2005,
	author={Karl, Holger and Willig, Andreas},
	title={Protocols and architectures for wireless sensor networks},
	address={Hoboken, NJ},
	publisher={Wiley},
	year={2005}
},

@book{sohraby_minoli_znati2007,
	author={Sohraby, Kazem and Minoli, Daniel and Znati, Taieb F},
	title={Wireless sensor networks},
	address={Hoboken, N.J.},
	publisher={Wiley-Interscience},
	year={2007}
},

@book{kuorilehto2007,
	author={Kuorilehto, Mauri and others},
	title={Ultra-low energy wireless sensor networks in practice},
	address={Chichester, England},
	publisher={John Wiley & Sons},
	year={2007}
},

@book{buratti2011,
	author={Buratti, Chiara and others},
	title={Sensor networks with IEEE 802.15.4 systems},
	address={Berlin},
	publisher={Springer},
	year={2011}
},

@book{shelby_bormann2009,
	author={Shelby, Zach and Bormann, Carsten},
	title={6LoWPAN: The Wireless Embedded Internet},
	address={Chichester, U.K.},
	publisher={J. Wiley},
	year={2009}
},

@book{misra2001,
	author={Misra, Devendra},
	title={Radio-frequency and microwave communication circuits},
	address={New York},
	publisher={Wiley},
	year={2001}
},

@book{groover1987,
	author={Groover, Mikell P},
	title={Automation, production systems, and computer integrated manufacturing},
	address={Englewood Cliffs, N.J.},
	publisher={Prentice-Hall},
	year={1987}
},

@incollection{al-qutayri2010,
	author={Al-Qutayri, Mahmoud A.},
	title={Preface},
	booktitle={Smart Home Systems},
	publisher={In-Tech},
	address={Vukovar, Croatia},
	editor={Al-Qutayri, Mahmoud A.},
	year={2010}
},

@incollection{lalanda2010,
	author={Lalanda, P. and others},
	title={Smart Home Systems},
	booktitle={Smart Home Systems},
	publisher={In-Tech},
	address={Vukovar, Croatia},
	editor={Al-Qutayri, Mahmoud A.},
	year={2010}
},

@book{schmidt2014,
	author={Schmidt, Maik},
	title={Raspberry Pi},
	address={[Firsco, TX]},
	publisher={The Pragmatic Programmers},
	year={2014}
},

@book{fraden2010,
	author={Fraden, Jacob},
	title={Handbook of Modern Sensors},
	address={New York},
	publisher={Springer-Verlag},
	year={2010}
},

@inproceedings{jiang_liu_yang2004,
	author={Jiang, Li and Liu, Da-you and Yang, Bo},
	title={Smart Home Research},
	address={Shangai},
	booktitle={Proceedings of the Third International Conference on Machine Learning and Cybernetics},
	year={2004}
},

@inproceedings{brush_2011,
	author={A.J. Brush and others},
	month={May},
	publisher={ACM Conference on Computer-Human Interaction},
	booktitle={Proceedings of the SIGCHI Conference on Human Factors in Computing Systems},
	title={Home Automation in the Wild: Challenges and Opportunities},
	url={http://research.microsoft.com/apps/pubs/default.aspx?id=145863},
	year={2011},
},

@book{sinclair2001,
	author={Sinclair, Ian Robertson},
	title={Sensors and transducers},
	address={Oxford [England]},
	publisher={Newnes},
	year={2001}
},

@misc{kondrasovas2013,
	author={Kondrasovas, Igor},
	title={Transdutores, Sensores e Atuadores},
	address={Joinville, SC},
	year={2013}
},

@incollection{hai_nayak_stojmenovic2010,
	author={Liu, Hai and Nayak, Amiya and Stojmenovic, Ivan},
	title={Applications, Models, Problems, and Solution Strategies},
	booktitle={Wireless Sensor and Actuator Networks},
	publisher={John Wiley & Sons, Inc.},
	address={Hoboken, New Jersey},
	editor={Nayak, Amiya and Stojmenovic, Ivan},
	year={2010}
},

@incollection{kenny_walt2005,
	author={Kenny, Tom and Kester, Walt},
	title={Sensor Fundamentals},
	booktitle={Sensor Technology Handbook},
	publisher={Elsevier},
	address={Burlington, MA},
	editor={Wilson, Jon S.},
	year={2005}
},

@book{thomazini_albuquerque2005,
	author={Thomazini, Daniel and Albuquerque, Pedro U. B.},
	title={Sensores Industriais},
	subtitle={Fundamentos e Aplicações},
	address={São Paulo, SP},
	publisher={Ed. Érica},
	year={2005}
},

@incollection{fontes2005,
	author={Fontes, John},
	title={Temperature Sensors},
	booktitle={Sensor Technology Handbook},
	publisher={Elsevier},
	address={Burlington, MA},
	editor={Wilson, Jon S.},
	year={2005}
},

@incollection{peeters_peetermans_indesteege2007,
	author={Peeters, F. and Peetermans, M. and Indesteege, Luk},
	title={Temperature Sensors},
	booktitle={Modern Sensors Handbook},
	publisher={ISTE},
	address={Chippenham, Great Britain},
	editor={Ripka, Pavel and Tipek, Alois},
	year={2007}
},

@incollection{burns2014,
	author={Burns, Jim},
	title={Resistive Thermometers},
	booktitle={Measurement, Instrumentation, and Sensors Handbook},
	publisher={Taylor & Francis Group},
	address={Boca Raton, FL},
	editor={Webster, John G. and Eren, Halit},
	year={2014}
},

@incollection{white_sapoff2014,
	author={White, Rod and Sapoff, Meyer},
	title={Thermistor Thermometers},
	booktitle={Measurement, Instrumentation, and Sensors Handbook},
	publisher={Taylor & Francis Group},
	address={Boca Raton, FL},
	editor={Webster, John G. and Eren, Halit},
	year={2014}
},

@incollection{kenny2005,
	author={Kenny, Thomas},
	title={Optical and Radiation Sensors},
	booktitle={Sensor Technology Handbook},
	publisher={Elsevier},
	address={Burlington, MA},
	editor={Wilson, Jon S.},
	year={2005}
},

@incollection{dado_fischer2007,
	author={ĎaĎo, Stanislav and Fischer, Jan},
	title={Optical Sensors},
	booktitle={Modern Sensors Handbook},
	publisher={ISTE},
	address={Chippenham, Great Britain},
	editor={Ripka, Pavel and Tipek, Alois},
	year={2007}
},

@incollection{fontesII2005,
	author={Fontes, John},
	title={Humidity Sensors},
	booktitle={Sensor Technology Handbook},
	publisher={Elsevier},
	address={Burlington, MA},
	editor={Wilson, Jon S.},
	year={2005}
},

@article{farahani_wagiran_hamidon2014,
	author={Farahani, Hamid and Wagiran, Rahman and Hamidon, Mohd Nizar},
	title={Humidity Sensors Principle, Mechanism, and Fabrication Technologies: A Comprehensive Review},
	url={http://www.mdpi.com/1424-8220/14/5/7881/htm},
	urldate={2015-9-25},
	journal={Sensors},
	year={2014}
},

@misc{engineeringtoolbox,
	author={{The Engineeringtoolbox}},
	title={Relative Permittivity - Dielectric Constant},
	url={http://www.engineeringtoolbox.com/relative-permittivity-d_1660.html},
	urldate={2015-9-25},
	year={s. d.}
},

@misc{britannica_2015,
	author={{Encyclopedia Britannica Online}},
	title={Electrical Impedance},
	url={http://www.britannica.com/science/electrical-impedance},
	urldate={2015-9-25},
	year={2015}
},

@incollection{mulholland1995,
	author={Mulholland, George W.},
	title={Smoke Production and Properties},
	booktitle={Sfpe Handbook of Fire Protection Engineering},
	publisher={National Fire Protection Association},
	editor={DiNenno, P. J. and others},
	year={1995}
},

@incollection{mcmahon2007,
	author={McMahon, G.},
	title={Chemical Sensors and Biosensors},
	booktitle={Modern Sensors Handbook},
	publisher={ISTE},
	address={Chippenham, Great Britain},
	editor={Ripka, Pavel and Tipek, Alois},
	year={2007}
},

@incollection{townsend_arms2005,
	author={Townsend, Chris and Arms, Steven},
	title={Wireless Sensor Networks},
	booktitle={Sensor Technology Handbook},
	publisher={Elsevier},
	address={Burlington, MA},
	editor={Wilson, Jon S.},
	year={2005}
},

@book{williams2014,
	author={Williams, Elliot},
	title={Make: AVR Programming},
	address={Sebastopol, CA},
	publisher={Maker Media},
	year={2014}
},

@book{trevennor2012,
	author={Trevennor, Alan},
	title={Practical AVR microcontrollers},
	address={Berkeley, CA},
	publisher={Apress},
	year={2012}
},

@manual{nrfdatasheet,
	title={nRF24L01+: Single Chip 2.4GHz Transceiver - Product Specification v1.0},
	organization={Nordic Semiconductor},
	month=9,
	year=2008
},

@manual{ccdatasheet,
	title={CC2500 - Low-Cost Low-Power 2.4 GHz RF Transceiver},
	organization={Texas Instruments},
	year=2015
},

@book{dargie_poellabauer2010,
	author={Dargie, Walternegus and Poellabauer, Christian},
	title={Fundamentals of Wireless Sensor Networks},
	address={Chichester, UK},
	publisher={John Wiley & Sons},
	year={2010}
},
